@inproceedings{Prez1997ElectromagntismeF,
  title={Electromagn{\'e}tisme : fondements et applications : avec 300 exercices et probl{\`e}mes r{\'e}solus},
  author={Jos{\'e}-Philippe P{\'e}rez and Robert Fleckinger and Robert Carles},
  year={1997},
  url={https://api.semanticscholar.org/CorpusID:125229023}
}

@book{maréchal2004chimie,
  title={La chimie exp{\'e}rimentale: CAPES et agr{\'e}gation de sciences physiques. Chimie g{\'e}n{\'e}rale},
  author={Mar{\'e}chal, J.F.L. and Nowak-Leclercq, B.},
  number={v. 1},
  isbn={9782100484614},
  series={Chimie exp{\'e}rimentale: CAPES et agr{\'e}gration de sciences physique},
  url={https://books.google.co.ma/books?id=0DxuAAAACAAJ},
  year={2004},
  publisher={Dunod}
}

@book{barbe2015chimie,
  title={La Chimie Experimentale - Tome 2: Chimie Organique Et Minerale},
  author={Barbe, R. and Marechal, J.F.L.},
  isbn={9782100582099},
  series={Sciences Sup},
  url={https://books.google.co.ma/books?id=o9oojgEACAAJ},
  year={2015},
  publisher={Dunod}
}


@book{durupthy2007physique,
  title={Physique chimie terminale S sp{\'e}cialit{\'e}: Livre du professeur},
  author={Durupthy, A. and Durandeau, J.P.},
  isbn={9782011354495},
  series={Collection Durandeau-Durupthy},
  url={https://books.google.co.ma/books?id=2SKhJAAACAAJ},
  year={2007},
  publisher={Hachette {\'e}ducation}
}

@book{mesplède2004100,
  title={100 manipulations de chimie g{\'e}n{\'e}rale et analytique},
  author={Mespl{\`e}de, J. and Randon, J.},
  isbn={9782749503516},
  series={CAPES-agr{\'e}gation},
  url={https://books.google.co.ma/books?id=kWRO4wEl9-AC},
  year={2004},
  publisher={Br{\'e}al}
}

@book{sanz2019physique,
  title={Physique PC-PC*},
  author={Sanz, M.N. and Salamito, B. and Vandenbrouck, F. and Chardon, D.},
  isbn={9782100790531},
  series={J'int{\`e}gre (Paris)},
  url={https://books.google.co.ma/books?id=Y9WMyAEACAAJ},
  year={2019},
  publisher={Dunod}
}

@book{pérez2022mécanique,
  title={M{\'e}canique : fondements et applications - 7e {\'e}d.: Avec 320 exercices et probl{\`e}mes r{\'e}solus},
  author={P{\'e}rez, J.P.},
  isbn={9782100839780},
  url={https://books.google.co.ma/books?id=rslcEAAAQBAJ},
  year={2022},
  publisher={Dunod}
}

@book{sextant1997optique,
	title={Optique exp{\'e}rimentale},
	author={Sextant},
	isbn={9782705663155},
	series={Collection Enseignement des sciences},
	url={https://books.google.co.ma/books?id=YGaapwAACAAJ},
	year={1997},
	publisher={Hermann}
}

@book{tomasino2002chimie,
	title={Chimie Terminale S Obligatoire. Programme 2002},
	author={Tomasino, A.},
	isbn={9782091720678},
	series={Collection Tomasino},
	url={https://books.google.co.ma/books?id=K06Z0AEACAAJ},
	year={2002},
	publisher={Nathan}
}

@book{cachau2011expériences,
	title={Des exp{\'e}riences de la famille RED-OX: R{\'e}ussir, exploiter et 
	commenter 81 manipulations de chimie},
	author={Cachau-Herreillat, D. and Laffitte, M.},
	isbn={9782804163334},
	series={LMD Chimie},
	url={https://books.google.co.ma/books?id=wSSGZwEACAAJ},
	year={2011},
	publisher={De Boeck Sup{\'e}rieur}
}

@book{duffait1999expériences,
	title={Exp{\'e}riences d'{\'e}lectronique: agr{\'e}gation de sciences 
	physiques},
	author={Duffait, R. and Li{\`e}vre, J.P.},
	isbn={9782842913243},
	url={https://books.google.co.ma/books?id=ZENeAAAACAAJ},
	year={1999},
	publisher={Br{\'e}al}
}

@book{donnini2004dictionnaire,
	title={Dictionnaire de physique exp{\'e}rimentale: Electricit{\'e} et 
	applications},
	author={Donnini, J.M. and Quaranta, L.},
	number={v. 4},
	isbn={9782708503182},
	series={Dictionnaire de physique exp{\'e}rimentale},
	url={https://books.google.co.ma/books?id=tVQKPAAACAAJ},
	year={2004},
	publisher={Ed. Pierron}
}

@book{asch2010capteurs,
	title={Les capteurs en instrumentation industrielle},
	author={Georges Asch et coll.},
	isbn={9782100057771},
	series={L'usine nouvelle},
	url={https://books.google.co.ma/books?id=FjLTPQAACAAJ},
	year={2010},
	publisher={Dunod}
}

@book{sanz2004physique,
	title={Physique tout-en-un MP-MP*},
	author={Marie-Noëlle Sanz, Bernard Salamito et al.},
	isbn={9782100483853},
	year={2004},
	publisher={Dunod}
}

@book{daumarie2002florilège,
	title={Floril{\`e}ge de chimie pratique},
	author={Daumarie, F. and Griesmar, P. and Salzard, S.},
	isbn={9782705663735},
	series={CAPES-Agr{\'e}gation},
	url={https://books.google.co.ma/books?id=KoLDPQAACAAJ},
	year={2002},
	publisher={Hermann}
}

@book{BUP685,
	title={À propos d’oscillateurs couplés},
	author={M. Benarroche},
	isbn={9782705663735},
	series={Bulletin de l'union des physiciens N$^{\circ}$685}
}

@book{brébec1997ondes,
	title={Ondes: 2de ann{\'e}e PC-PC*, PSI-PSI*},
	author={Br{\'e}bec, J.M.},
	isbn={9782011451446},
	series={H pr{\'e}pa},
	url={https://books.google.co.ma/books?id=9-EuHQAACAAJ},
	year={1997},
	publisher={Hachette}
}
